@misc{enigmarotorset2004,
	author = {{Wikimedia Commons}},
	title = "File:Enigma rotor set.png --- Wikimedia Commons{,} the free media repository",
	year = "2020",
	url = {https://commons.wikimedia.org/w/index.php?title=File:Enigma_rotor_set.png&oldid=509553237},
	note = "[Online; Stand 22. Oktober 2024]",
	keywords = {pictures}
}

@misc{ wiki:enigmasteckerbrett,
	author = {{Wikimedia Commons}},
	title = "File:Macchina crittografica elettromeccanica - Museo scienza tecnologia Milano 08808 03.jpg --- Wikimedia Commons{,} the free media repository",
	year = "2023",
	url = {https://commons.wikimedia.org/w/index.php?title=File:Macchina_crittografica_elettromeccanica_-_Museo_scienza_tecnologia_Milano_08808_03.jpg&oldid=732612097},
	note = "[Online; Stand 24. Oktober 2024]",
	keywords = {pictures}
}

@misc{ wiki:enigmacodebook,
	author = {{Wikimedia Commons}},
	title = "File:Enigma keylist 3 rotor.jpg --- Wikimedia Commons{,} the free media repository",
	year = "2024",
	url = {https://commons.wikimedia.org/w/index.php?title=File:Enigma_keylist_3_rotor.jpg&oldid=864353172},
	note = "[Online; Stand 24. Oktober 2024]",
	keywords = {pictures}
}

%Wolfgang Ertel and Luzia Jans and Walter Herzhauser and Joachim Fessler
@misc{enigmareflektor,
	author = {{Ravensburg-Weingarten University}},
	year = "2011",
	url = {http://www.enigma.hs-weingarten.de/gallery.htm},
	note = "[Online; Stand 22. Oktober 2024]",
	keywords = {pictures}
}

@misc{ wiki:bombe_picture,
	author = "{Wikimedia Commons}",
	title = "File:Wartime picture of a Bletchley Park Bombe.jpg --- Wikimedia Commons{,} the free media repository",
	year = "2024",
	url = {https://commons.wikimedia.org/w/index.php?title=File:Wartime_picture_of_a_Bletchley_Park_Bombe.jpg&oldid=853558909},
	note = "[Online; Stand 27. Oktober 2024]",
	keywords = {pictures}
}

@misc{ wiki:bombescrambler,
	author = {{Wikimedia Commons}},
	title = "File:WireBrushesOnBombeDrum.jpg --- Wikimedia Commons{,} the free media repository",
	year = "2022",
	url = {https://commons.wikimedia.org/w/index.php?title=File:WireBrushesOnBombeDrum.jpg&oldid=704372169},
	note = "[Online; Stand 26 Oktober 2024]",
	keywords = {pictures}
}

@misc{ wiki:bomberear,
	author = "{Wikimedia Commons}",
	title = "File:Bletchley Park Bombe8.jpg --- Wikimedia Commons{,} the free media repository",
	year = "2023",
	url = "https://commons.wikimedia.org/w/index.php?title=File:Bletchley_Park_Bombe8.jpg&oldid=825628616",
	note = "[Online; Stand 27. Oktober 2024]",
	keywords = {pictures}
}
