@patent{scherbiuschiffriermaschine1925,
	title = {Chiffriermaschine},
	url = {https://www.cdvandt.org/Enigma%20DE416219C1.pdf},
	type = {patentde},
	number = {DE416219C1},
	author = {Scherbius, Arthur},
	date = {1925-06-08},
	note = {Eingereicht: 23. Feb. 1918, Stand: 22. Okt. 2024},
	keywords = {sources}
}

@book{ertelloemannangewandte2018,
	edition = {5. überarbeitete und erweiterte Auflage},
	title = {Angewandte {Kryptographie}},
	author = {Wolfgang Ertel and Ekkehard Löhmann},
	isbn = {978-3-446-45468-2},
	publisher = {Carl Hanser Verlag München},
	year = {2018},
	keywords = {sources}
}

@misc{ wiki:enigma,
	author = "Wikipedia",
	title = "Enigma (Maschine) --- Wikipedia{,} die freie Enzyklopädie",
	year = "2024",
	url = {https://de.wikipedia.org/w/index.php?title=Enigma_(Maschine)&oldid=247875362},
	note = "[Online; Stand 23. Oktober 2024]",
	keywords = {sources}
}

@misc{ dewiki:schluesselprozedur,
	author = "Wikipedia",
	title = "Enigma-Schlüsselprozedur --- Wikipedia{,} die freie Enzyklopädie",
	year = "2024",
	url = "https://de.wikipedia.org/w/index.php?title=Enigma-Schl%C3%BCsselprozedur&oldid=249763718",
	note = "[Online; Stand 14. November 2024]",
	keywords = {sources}
}

@misc{ schluesselm1940,
	title = {Der {Schlüssel} {M} - {Verfahren} {M} {Allgemein}},
	url = {https://www.cryptomuseum.com/crypto/enigma/files/schluessel_m.pdf},
	urldate = {2024-10-25},
	author = {{Oberkommando der Kriegsmarine}},
	year = {1940},
	keywords = {sources}
}

@misc { ellsburybomb1998,
	title = {The Turing Bomb},
	url = {http://www.ellsbury.com/bombe1.htm},
	urldate = {2024-10-25},
	author = {{Graham Ellsbury}},
	year = {1998},
	keywords = {sources}
}

@misc{ virtualcolossusbombe,
	title = {Bombe Technical Information},
	url = {https://bombe.virtualcolossus.co.uk/technical.html},
	urldate = {2024-10-26},
	author = {{Virtual Colossus Project, Martin Gillow}},
	year = {2016},
	keywords = {sources}
}

@misc{turingbomben2014,
	author = {{Entropia, andi}},
	title = {Turingbomben},
	year = {2014},
	url = {https://entropia.de/GPN14:Turingbomben},
	urldate = {2024-10-26},
	keywords = {sources}
}

@misc{ enwiki:bombe,
	author = "{Wikipedia contributors}",
	title = "Bombe --- {Wikipedia}{,} The Free Encyclopedia",
	year = "2024",
	howpublished = "\url{https://en.wikipedia.org/w/index.php?title=Bombe&oldid=1236749954}",
	note = "[Online; Stand 26. Oktober 2024]",
	keywords = {sources}
}

 @misc{ dewiki:240861245,
	author = "Wikipedia",
	title = "Letchworth-Enigma --- Wikipedia{,} die freie Enzyklopädie",
	year = "2024",
	url = "https://de.wikipedia.org/w/index.php?title=Letchworth-Enigma&oldid=240861245",
	note = "[Online; Stand 16. November 2024]",
	keywords = {sources}
}
