@patent{enigma_patent,
	author       = {Arthur Sherbius},
	title        = {Chiffrierapparat},
	number       = {DE416219C1},
	year         = {1925},
	institution  = {Reichspatentamt},
	howpublished = {\url{https://www.cdvandt.org/Enigma%20DE416219C1.pdf}},
	note         = {Accessed: 22 Oct 2024}
}
